@misc{mssc2016,
	author = {Rosario Pugliese},
	title = {Note per il corso di Modelli di Sistemi Sequenziali e Concorrenti},
	year = {2016},
	note = {Versione del 3 novembre 2016}
}


